@Book{hottbook,
  author =    {The {Univalent Foundations Program}},
  title =     {Homotopy Type Theory: Univalent Foundations of Mathematics},
  publisher = {\url{http://homotopytypetheory.org/book}},
  address =   {Institute for Advanced Study},
  year =      2013
}
@book{nat,
  title={{N}onabelian {A}lgebraic {T}opology: {F}iltered spaces, crossed complexes, cubical homotopy groupoids},
  author={Brown, Ronald and Higgins, Philip J and Sivera, Rafael},
  publisher={{E}uropean {M}athematical {S}ociety},
  year=2011,
}
@incollection{martin-lof1,
  Author = {Martin-L{\"o}f, Per},
  Booktitle = {Twenty-five years of constructive type theory ({V}enice, 1995)},
  Mrclass = {03B15 (03F55)},
  Mrnumber = 1686864,
  Pages = {127--172},
  Publisher = {Oxford University Press},
  Editor = {Giovanni Sambin and Jan M. Smith},
  Series = {Oxford Logic Guides},
  Title = {An intuitionistic theory of types},
  Volume = 36,
  Year = 1998
}
@book{martin-lof2,
  title={Intuitionistic type theory},
  author={Martin-L{\"o}f, Per and Sambin, Giovanni},
  volume={9},
  year={1984},
  publisher={Bibliopolis Naples}
}
@article{rezk-completion,
  title={Univalent categories and the Rezk completion},
  author={Ahrens, Benedikt and Kapulkin, Krzysztof and Shulman, Michael},
  journal={Mathematical Structures in Computer Science},
  pages={1--30},
  year={2013},
  publisher={Cambridge Univ Press}
}
@inproceedings{licatacubical,
  title={A cubical approach to synthetic homotopy theory},
  author={Licata, Daniel R and Brunerie, Guillaume},
  booktitle={2015 30th Annual ACM/IEEE Symposium on Logic in Computer Science},
  pages={92--103},
  year={2015},
  organization={IEEE}
}

@misc{hts,
  author={Vladimir Voevodsky},
  title = {A simple type system with two identity types},
  howpublished = {\url{http://uf-ias-2012.wikispaces.com/file/view/HTS.pdf}},
  note = {Accessed: April 22, 2015}
}
@misc{hott-agda,
  title={Homotopy Type Theory in Agda},
  howpublished={\url{https://github.com/HoTT/HoTT-Agda}},
  note = {Accessed: April 24, 2015}
}
@misc{hott-coq,
  title={Homotopy Type Theory},
  howpublished={\url{https://github.com/HoTT/HoTT}},
  note={Accessed: April 24, 2015}
}
@misc{luotarski,
  author={Zhaohui Luo},
  year=2012,
  month=nov,
  title={Notes on Universes in Type Theory},
  howpublished={\url{http://www.cs.rhul.ac.uk/home/zhaohui/universes.pdf}},
  note={Accessed: March 22, 2019}
}
@article{brown1996computing,
  title={Computing crossed modules induced by an inclusion of a normal subgroup, with applications to homotopy 2-types},
  author={Brown, Ronald and Wensley, Christopher D},
  journal={Theory Appl. Categ},
  volume={2},
  number={1},
  pages={3--16},
  year={1996}
}
@article{flyspeck,
  title={A formal proof of the {K}epler conjecture},
  author={Hales, Thomas and Adams, Mark and Bauer, Gertrud and Dang, Dat Tat and Harrison, John and Hoang, Truong Le and Kaliszyk, Cezary and Magron, Victor and McLaughlin, Sean and Nguyen, Thang Tat and others},
  journal={arXiv preprint arXiv:1501.02155},
  year={2015}
}
@article{dybjer94,
  title={Inductive families},
  author={Dybjer, Peter},
  journal={Formal aspects of computing},
  volume={6},
  number={4},
  pages={440--465},
  year={1994},
  publisher={Springer}
}
@inproceedings{mouracade,
  author    = {Leonardo Mendon{\c{c}}a de Moura and
               Soonho Kong and
               Jeremy Avigad and
               Floris van Doorn and
               Jakob von Raumer},
  title     = {The Lean Theorem Prover (System Description)},
  booktitle = {Automated Deduction - {CADE-25} - 25th International Conference on
               Automated Deduction, Berlin, Germany, August 1-7, 2015, Proceedings},
  pages     = {378--388},
  year      = {2015},
  crossref  = {DBLP:conf/cade/2015},
  url       = {https://doi.org/10.1007/978-3-319-21401-6_26},
  doi       = {10.1007/978-3-319-21401-6_26},
  timestamp = {Sun, 21 May 2017 00:17:17 +0200},
  biburl    = {http://dblp.uni-trier.de/rec/bib/conf/cade/MouraKADR15},
  bibsource = {dblp computer science bibliography, http://dblp.org}
}
@inproceedings{ttintt,
  title={Type theory in type theory using quotient inductive types},
  author={Altenkirch, Thorsten and Kaposi, Ambrus},
  booktitle={ACM SIGPLAN Notices},
  volume={51},
  number={1},
  pages={18--29},
  year={2016},
  organization={ACM}
}
@PHDTHESIS{nordvallinductive,
     author    = {Nordvall Forsberg, Fredrik},
     title     = {Inductive-inductive definitions},
     school    = {Swansea University},
     year      = {2013}
}
@phdthesis{gabephd,
  author = {Dijkstra, Gabe},
  title = {Quotient inductive-inductive definitions},
  school = {University of Nottingham},
  year = {2017}
}
@inproceedings{leanhott,
  author    = {Floris van Doorn and
               Jakob von Raumer and
               Ulrik Buchholtz},
  title     = {Homotopy Type Theory in Lean},
  booktitle = {Interactive Theorem Proving - 8th International Conference, {ITP}
               2017, Bras{\'{\i}}lia, Brazil, September 26-29, 2017, Proceedings},
  pages     = {479--495},
  year      = {2017},
  crossref  = {DBLP:conf/itp/2017},
  url       = {https://doi.org/10.1007/978-3-319-66107-0_30},
  doi       = {10.1007/978-3-319-66107-0_30},
  timestamp = {Wed, 06 Sep 2017 15:05:23 +0200},
  biburl    = {http://dblp.uni-trier.de/rec/bib/conf/itp/DoornRB17},
  bibsource = {dblp computer science bibliography, http://dblp.org}
}
@proceedings{DBLP:conf/itp/2017,
  editor    = {Mauricio Ayala{-}Rinc{\'{o}}n and
               C{\'{e}}sar A. Mu{\~{n}}oz},
  title     = {Interactive Theorem Proving - 8th International Conference, {ITP}
               2017, Bras{\'{\i}}lia, Brazil, September 26-29, 2017, Proceedings},
  series    = {Lecture Notes in Computer Science},
  volume    = {10499},
  publisher = {Springer},
  year      = {2017},
  url       = {https://doi.org/10.1007/978-3-319-66107-0},
  doi       = {10.1007/978-3-319-66107-0},
  isbn      = {978-3-319-66106-3},
  timestamp = {Wed, 06 Sep 2017 14:53:52 +0200},
  biburl    = {http://dblp.uni-trier.de/rec/bib/conf/itp/2017},
  bibsource = {dblp computer science bibliography, http://dblp.org}
}
@inproceedings{partiality,
  title={Partiality, revisited},
  author={Altenkirch, Thorsten and Danielsson, Nils Anders and Kraus, Nicolai},
  booktitle={International Conference on Foundations of Software Science and Computation Structures},
  pages={534--549},
  year={2017},
  organization={Springer}
}
@article{lean-meta,
 author = {Ebner, Gabriel and Ullrich, Sebastian and Roesch, Jared and Avigad, Jeremy and de Moura, Leonardo},
 title = {A Metaprogramming Framework for Formal Verification},
 journal = {Proc. ACM Program. Lang.},
 issue_date = {September 2017},
 volume = {1},
 number = {ICFP},
 month = aug,
 year = {2017},
 issn = {2475-1421},
 pages = {34:1--34:29},
 articleno = {34},
 numpages = {29},
 url = {http://doi.acm.org/10.1145/3110278},
 doi = {10.1145/3110278},
 acmid = {3110278},
 publisher = {ACM},
 address = {New York, NY, USA},
 keywords = {dependent type theory, metaprogramming, tactic language, theorem proving},
} 
@inproceedings{patternmatching,
  title={Pattern matching without K},
  author={Cockx, Jesper and Devriese, Dominique and Piessens, Frank},
  booktitle={ACM SIGPLAN Notices},
  volume={49},
  number={9},
  pages={257--268},
  year={2014},
  organization={ACM}
}
@article{mcbridepatternmatching,
  title={The view from the left},
  author={McBride, Conor and McKinna, James},
  journal={Journal of functional programming},
  volume={14},
  number={1},
  pages={69--111},
  year={2004},
  publisher={Cambridge University Press}
}
@inproceedings{ambrussyntax,
  title={A syntax for higher inductive-inductive types},
  author={Kaposi, Ambrus and Kov{\'a}cs, Andr{\'a}s},
  booktitle={LIPIcs-Leibniz International Proceedings in Informatics},
  volume={108},
  year={2018},
  organization={Schloss Dagstuhl-Leibniz-Zentrum fuer Informatik}
}
@article{ttintt,
  title={Type Theory in Type Theory using Quotient Inductive Types},
  author={Altenkirch, Thorsten and Kaposi, Ambrus},
  journal={POPLâ€™16},
  pages={18},
  year={2016}
}
@article{coq,
  title={The {C}oq proof assistant reference manual: Version 6.1},
  author={Barras, Bruno and Boutin, Samuel and Cornes, Cristina and Courant, Judica{\"e}l and Filliatre, Jean-Christophe and Gimenez, Eduardo and Herbelin, Hugo and Huet, Gerard and Munoz, Cesar and Murthy, Chetan and others},
  year={1997}
}
@incollection{agda,
  title={Dependently typed programming in {A}gda},
  author={Norell, Ulf},
  booktitle={Advanced Functional Programming},
  pages={230--266},
  year={2009},
  publisher={Springer}
}
@inproceedings{girard72,
  title={Interpretation fonctionelle et elimination des coupures dans l'aritmetique d'ordre superieur},
  author={J. Y. Girard},
  year={1972}
}
@inproceedings{hurkens95,
  title={A simplification of Girard's paradox},
  author={Hurkens, Antonius JC},
  booktitle={International Conference on Typed Lambda Calculi and Applications},
  pages={266--278},
  year={1995},
  organization={Springer}
}
@article{moerdijkwellfounded,
  title={Wellfounded trees in categories},
  author={Moerdijk, Ieke and Palmgren, Erik},
  journal={Annals of Pure and Applied Logic},
  volume={104},
  number={1-3},
  pages={189--218},
  year={2000},
  publisher={Elsevier}
}
@article{indexedcontainers,
  title={Indexed containers},
  author={Altenkirch, Thorsten and Ghani, Neil and Hancock, Peter and McBride, Conor and Morris, Peter},
  journal={Journal of Functional Programming},
  volume={25},
  year={2015},
  publisher={Cambridge University Press}
  url={http://strictlypositive.org/indexed-containers.pdf}
}
@article{kapulkinlumsdaine,
  title={The simplicial model of univalent foundations (after Voevodsky)},
  author={Kapulkin, Chris and Lumsdaine, Peter LeFanu},
  journal={arXiv preprint arXiv:1211.2851},
  year={2012}
}
@InProceedings{Moh93,
  Title                    = {Inductive Definitions in the System {Coq} - Rules and Properties},
  Author                   = {Christine Paulin-Mohring},
  Booktitle                = {Typed Lambda Calculi and Applications (TLCA)},
  Year                     = {1993},
  Editor                   = {Marc Bezem and Jan Friso Groote},
  Number                   = {664},
  Series                   = {Lecture Notes in Computer Science},

  Shorthand                = {PM93}
}
@online{licatatrick,
  author = {Dan Licata},
  title = {{Running Circles Around (In) Your Proof Assistant; or, Quotients that Compute}},
  year = 2011,
  url = {https://homotopytypetheory.org/2011/04/23/running-circles-around-in-your-proof-assistant},
  urldate = {2010-09-30}
}
@article{boulierRijkeTab_higherRels,
  Title                    = {A coinductive approach to type valued equivalence relations},
  Author                   = {Simon Boulier and Egbert Rijke and Nicolas Tabareau},
  Note                     = {Abstract presented at the workshop on HoTT/UF in Oxford},
  year = {2017},
}
@inproceedings{Buchholtz2018CellularCI,
  title={Cellular Cohomology in Homotopy Type Theory},
  author={Ulrik Buchholtz and Kuen-Bang {Hou (Favonia)}},
 booktitle = {Proceedings of the 33rd Annual ACM/IEEE Symposium on Logic in Computer Science},
  year={2018}
}
@inproceedings{BuchRijke_projectiveSpaces,
author = {Buchholtz, Ulrik and Rijke, Egbert},
year = {2017},
booktitle = {Proceedings of the 32nd Annual ACM/IEEE Symposium on Logic in Computer Science},
month = {06},
pages = {1-8},
title = {The real projective spaces in homotopy type theory},
doi = {10.1109/LICS.2017.8005146}
}
@article{buchholtz2016cayley,
  title={The {C}ayley-{D}ickson construction in homotopy type theory},
  author={Buchholtz, Ulrik and Rijke, Egbert},
  journal={arXiv preprint arXiv:1610.01134},
  year={2016}
}
@inproceedings{BuchRijke_projectiveSpaces,
author = {Buchholtz, Ulrik and Rijke, Egbert},
year = {2017},
booktitle = {Proceedings of the 32nd Annual ACM/IEEE Symposium on Logic in Computer Science},
month = {06},
pages = {1-8},
title = {The real projective spaces in homotopy type theory},
doi = {10.1109/LICS.2017.8005146}
}
@InProceedings{licataFinster_Eilenberg,
  Title                    = {{E}ilenberg-{M}ac{L}ane Spaces in Homotopy Type Theory},
  Author                   = {Daniel Licata and Eric Finster},
 booktitle = {Proceedings of the 29th Annual ACM/IEEE Symposium on Logic in Computer Science},
  Year                     = {2014},
  Organization             = {ACM},
  Pages                    = {66--74}
}
@InProceedings{favonia:SvK,
  author =	{Kuen-Bang {Hou (Favonia)} and Michael Shulman},
  title =	{The {S}eifert-van {K}ampen Theorem in Homotopy Type Theory},
  booktitle =	{25th EACSL Annual Conference on Computer Science Logic (CSL 2016)},
  pages =	{22:1--22:16},
  series =	{Leibniz International Proceedings in Informatics (LIPIcs)},
  ISBN =	{978-3-95977-022-4},
  ISSN =	{1868-8969},
  year =	{2016},
  volume =	{62},
  publisher =	{Schloss Dagstuhl--Leibniz-Zentrum fuer Informatik},
  address =	{Dagstuhl, Germany},
  URL =		{http://drops.dagstuhl.de/opus/volltexte/2016/6562},
  URN =		{urn:nbn:de:0030-drops-65626},
  doi =		{10.4230/LIPIcs.CSL.2016.22},
  annote =	{Keywords: homotopy type theory, fundamental group, homotopy pushout, mechanized reasoning}
}
@InProceedings{licataBrunerie_s1again,
  Title                    = {{$\pi_n(S^n)$} in Homotopy Type Theory},
  Author                   = {Daniel Licata and Guillaume Brunerie},
  Year                     = {2013},
  Pages                    = {1-16},
  Publisher                = {Springer},
  Series                   = {LNCS},
  Volume                   = {8307},
  Journal                  = {Certified Programs and Proofs (CPP)}
}
@Article{Brunerie2017,
  Title                    = {The {J}ames construction and {\(\pi\)}\({}_{\mbox{4}}\)(S\({}^{\mbox{3}}\))
 in homotopy type theory},
  Author                   = {Guillaume Brunerie},
  Journal                  = {CoRR},
  Year                     = {2017},
  __markedentry            = {[nicolai:6]},
  Url                      = {http://arxiv.org/abs/1710.10307}
}
@Unpublished{rijke:join,
  author = 	 {Egbert Rijke},
  title = 	 {The join construction},
  note = 	 {arXiv:1701.07538},
  year = 	 2017
}
@inproceedings{Buchholtz2018,
 author = {Buchholtz, Ulrik and van Doorn, Floris and Rijke, Egbert},
 title = {Higher Groups in Homotopy Type Theory},
 booktitle = {Proceedings of the 33rd Annual ACM/IEEE Symposium on Logic in Computer Science},
 series = {LICS '18},
 year = {2018},
 isbn = {978-1-4503-5583-4},
 location = {Oxford, United Kingdom},
 pages = {205--214},
 numpages = {10},
 url = {http://doi.acm.org/10.1145/3209108.3209150},
 doi = {10.1145/3209108.3209150},
 acmid = {3209150},
 publisher = {ACM},
 address = {New York, NY, USA},
 keywords = {Higher groups, Homotopy type theory, Lean proof assistant},
}
@InProceedings{floris_proptrunc,
  Title                    = {Constructing the propositional truncation using non-recursive HITs},
  Author                   = {Floris van Doorn},
  Booktitle                = {Proceedings of the 5th {ACM} {SIGPLAN} Conference on Certified Programs
 and Proofs, Saint Petersburg, FL, USA, January 20-22, 2016},
  Year                     = {2016},
  Pages                    = {122--129},

  Bibsource                = {dblp computer science bibliography, http://dblp.org},
  Biburl                   = {http://dblp2.uni-trier.de/rec/bib/conf/cpp/Doorn16},
  Doi                      = {10.1145/2854065.2854076},
  Url                      = {http://doi.acm.org/10.1145/2854065.2854076}
}
@InProceedings{kraustrunc,
  Title                    = {Constructions with Non-Recursive Higher Inductive Types},
  Author                   = {Kraus, Nicolai},
  Booktitle                = {Proceedings of the 31st Annual ACM/IEEE Symposium on Logic in Computer Science},
  Year                     = {2016},
  Address                  = {New York, NY, USA},
  Pages                    = {595--604},
  Publisher                = {ACM},
  Acmid                    = {2933586},
  Doi                      = {10.1145/2933575.2933586},
  ISBN                     = {978-1-4503-4391-6},
  Keywords                 = {higher inductive types, homotopy type theory, sequential colimits, truncation elimination, van Doorn construction},
  Location                 = {New York, NY, USA},
  Numpages                 = {10},
  Url                      = {http://doi.acm.org/10.1145/2933575.2933586}
}
@InProceedings{licataShulman_circle,
  Title                    = {Calculating the Fundamental Group of the Circle in Homotopy Type Theory},
  Author                   = {Daniel Licata and Michael Shulman},
 booktitle = {Proceedings of the 28th Annual ACM/IEEE Symposium on Logic in Computer Science},
  Year                     = {2013},
  Pages                    = {223-232},

  Bibsource                = {DBLP, http://dblp.uni-trier.de},
  Doi                      = {10.1109/LICS.2013.28},
  Ee                       = {http://doi.ieeecomputersociety.org/10.1109/LICS.2013.28}
}
@article{awodeyGamSoja_hoAlgs,
 author = {Awodey, Steve and Gambino, Nicola and Sojakova, Kristina},
 title = {Homotopy-Initial Algebras in Type Theory},
 journal = {J. ACM},
 issue_date = {February 2017},
 volume = {63},
 number = {6},
 month = jan,
 year = {2017},
 issn = {0004-5411},
 pages = {51:1--51:45},
 articleno = {51},
 numpages = {45},
 url = {http://doi.acm.org/10.1145/3006383},
 doi = {10.1145/3006383},
 acmid = {3006383},
 publisher = {ACM},
 address = {New York, NY, USA},
 keywords = {Homotopy type theory, W-types, induction, initial algebra, recursion},
}
@InProceedings{DBLP:journals/corr/Sojakova14,
  Title                    = {Higher Inductive Types As Homotopy-Initial Algebras},
  Author                   = {Sojakova, Kristina},
  Booktitle                = {Principles of Programming Languages (POPL)},
  Year                     = {2015},

  Address                  = {New York, NY, USA},
  Pages                    = {31--42},
  Publisher                = {ACM},Sojakov

  Acmid                    = {2676983},
  Doi                      = {10.1145/2676726.2676983},
  ISBN                     = {978-1-4503-3300-9},
  Keywords                 = {higher inductive type, homotopy type theory, homotopy-initial algebra, w-suspension},
  Location                 = {Mumbai, India},
  Numpages                 = {12},
  Url                      = {http://doi.acm.org/10.1145/2676726.2676983}
}
@Article{Capriotti2017,
  Title                    = {Univalent Higher Categories via Complete Semi-Segal Types},
  Author                   = {Capriotti, Paolo and Kraus, Nicolai},
  Journal                  = {Proc. ACM Program. Lang.},
  Year                     = {2017},

  Month                    = dec,
  Number                   = {POPL},
  Pages                    = {44:1--44:29},
  Volume                   = {2},

  __markedentry            = {[nicolai:6]},
  Acmid                    = {3158132},
  Address                  = {New York, NY, USA},
  Articleno                = {44},
  Doi                      = {10.1145/3158132},
  ISSN                     = {2475-1421},
  Issue_date               = {January 2018},
  Keywords                 = {Homotopy type theory, complete Segal spaces, higher categories},
  Numpages                 = {29},
  Publisher                = {ACM},
  Url                      = {http://doi.acm.org/10.1145/3158132}
}
@Article{ahrens_rezk,
  Title                    = {Univalent Categories and the {R}ezk Completion},
  Author                   = {Ahrens, Benedikt and Kapulkin, Krzysztof and Shulman, Michael},
  Journal                  = {Mathematical Structures in Computer Science (MSCS)},
  Year                     = {2015},

  Month                    = {Jan},
  Pages                    = {1--30},

  Doi                      = {10.1017/S0960129514000486},
  ISSN                     = {1469-8072},
  Numpages                 = {30},
  Url                      = {http://journals.cambridge.org/article_S0960129514000486}
}
@Misc{floris:dependent-lemma-lean,
  Title                    = {The dependent universal property},
  Author                   = {Floris van Doorn and Ulrik Buchholtz},
  Note                     = {Lean library file, available on GitHub at 
  \href{https://github.com/gebner/hott3/blob/64a297c4c1effa4886abcdc08dd88824a7b27455/src/hott/hit/quotient.lean\#L96}{https://github.com/gebner/hott3/}},
  Year                     = {2017}
}
@Misc{eric:embedding-pushout,
  Title                    = {Agda library file PushoutMono},
  Author                   = {Eric Finster},
  Note                     = {Available on GitHub at 
  \href{https://github.com/HoTT/HoTT-Agda/blob/master/theorems/stash/modalities/gbm/PushoutMono.agda}{https://github.com/HoTT/HoTT-Agda/blob/master/theorems/stash/modalities/gbm/PushoutMono.agda}},
  Year                     = {2017}
}
@article{lurie18derived,
  title={Derived algebraic geometry VI: Ek algebras},
  author={Lurie, Jacob},
  journal={arXiv preprint arXiv:0911.0018},
  year = {2009}
}
@book{brown2011nonabelian,
  title={Nonabelian algebraic topology},
  author={Brown, Ronald and Higgins, Philip J and Sivera, Rafael},
  year={2011}
}
@Misc{Sattler:indexedW,
  Title                    = {On relating indexed W-types with ordinary ones},
  Author                   = {Christian Sattler},
  Note                     = {Abstract, presented at TYPES'15},
  year = {2015},
}
@article{DBLP:journals/jfp/AltenkirchGHMM15,
  author    = {Thorsten Altenkirch and
               Neil Ghani and
               Peter Hancock and
               Conor McBride and
               Peter Morris},
  title     = {Indexed containers},
  journal   = {J. Funct. Program.},
  volume    = {25},
  year      = {2015},
  url       = {https://doi.org/10.1017/S095679681500009X},
  doi       = {10.1017/S095679681500009X},
  timestamp = {Sat, 27 May 2017 01:00:00 +0200},
  biburl    = {https://dblp.org/rec/bib/journals/jfp/AltenkirchGHMM15},
  bibsource = {dblp computer science bibliography, https://dblp.org}
}

